%% Journal article
@article{bib1,
author = {Ash Amin and Nigel Thrift},
title ={Cities and ethnicities},
journal = {Ethnicities},
volume = {2},
number = {3},
pages = {291-300},
year = {2002},
}

@misc{bib2,
  title = {Statistiche sui trasporti pubblici a Milano e Lombardia},
  howpublished = {\url{https://moovitapp.com/insights/it/Analisi_Moovit_sull_indice_per_la_mobilit\%C3\%A0_pubblica_Italia_Milano_e_Lombardia-223}
}}

@article{bib3,
    title = {Agent-Based Models in Transport Planning: Current State, Issues, and Expectations},
    journal = {Procedia Computer Science},
    volume = {170},
    pages = {726-732},
    year = {2020},
    author = {Grace O. Kagho and Milos Balac and Kay W. Axhausen},
    doi = {https://doi.org/10.1016/j.procs.2020.03.164}
}

@article{bib4,
author = {Maggi, Elena and Vallino, Elena},
year = {2016},
month = {05},
pages = {50-59},
title = {Understanding urban mobility and the impact of public policies: The role of the agent-based models},
volume = {55},
journal = {Research in Transportation Economics},
doi = {10.1016/j.retrec.2016.04.010;}
}

@book{bib5,
author = {Squazzoni, Flaminio},
year = {2012},
month = {04},
pages = {},
title = {Agent-Based Computational Sociology: Squazzoni/Agent-Based Computational Sociology},
isbn = {9780470711743},
doi = {10.1002/9781119954200}
}

@article{bib6,
author = {Perez, Pascal and Huynh, Nam and Namazi-Rad, Mohammad-Reza and Berryman, Matthew and Chen, Qun and Barthélemy, Johan},
year = {2013},
month = {12},
pages = {},
title = {Generating a Synthetic Population in Support of Agent-Based Modeling of Transportation in Sydney},
doi = {10.13140/2.1.5100.8968}
}

@article{bib7,
author = {Huynh, Nam and Cao, Vu Lam and Wickramasuriya, Rohan and Berryman, Matthew and Perez, Pascal and Barthélemy, Johan},
year = {2015},
month = {01},
pages = {},
title = {An Agent Based Model for the Simulation of Transport Demand and Land Use}
}

@article{bib8,
author = {McNally, M.},
year = {2000},
month = {01},
pages = {},
title = {The activity-based approach},
journal = {Handbook of Transport Modelling}
}

@inproceedings{bib9,
  TITLE = {The Impact of New Mobility Modes on a City: A Generic Approach Using ABM},
  AUTHOR = {Grignard, Arnaud and Alonso, Luis and Taillandier},
  BOOKTITLE = {9th International Conference on Complex Systems (ICCS 2018)},
  PUBLISHER = {Editions Springer},
  VOLUME = {ICCS 2018: Unifying Themes in Complex Systems IX},
  PAGES = {272-280},
  YEAR = {2018},
  DOI = {10.1007/978-3-319-96661-8\_29},
  
}


@article{bib10,
author = {G. Liouta },
year = {2021},
pages = {},
title = {Shared Mobility to Compensate for Public Transport Demand under the impacts of a pandemic crisis: The Case of Bike Sharing System in Milan during COVID–19 pandemic}
}

@article{bib11,
author = {Trucco, Paolo and Maggia, Pietro and Petrenj, Boris},
year = {2020},
month = {01},
pages = {317-324},
title = {Adapting Public Transport to COVID-19 Contingencies: Evaluating Unlock Policies in the Metropolitan Area of Milan Through DMCI Simulation},
doi = {10.3850/978-981-14-8593-0_5706-cd}
}

@article{bib12,
author = {Köhler, Jonathan and Whitmarsh, Lorraine and Nykvist, Björn and Schilperoord, Michel and Bergman, Noam and Haxeltine, Alex},
year = {2009},
month = {10},
pages = {2985-2995},
title = {A transition model for sustainable mobility},
volume = {68},
journal = {Ecological Economics},
doi = {10.1016/j.ecolecon.2009.06.027}
}

@article{bib13,
author = {Simini, Filippo and Gonzalez, Marta C. and Maritan, Amos and Barabasi, Albert-Laszlo},
year = {2012},
month = {02},
pages = {96-100},
title = {A Universal Model for Mobility and Migration Patterns},
volume = {484},
journal = {Nature},
doi = {10.1038/nature10856}
}

@misc{site1,
  title = {Milan underground routes},
  howpublished = {\url{https://dati.comune.milano.it/dataset/ds539\_atm-percorsi-linee-metropolitane}
}}

@misc{site2,
  title = {Milan underground stops},
  howpublished = {\url{https://dati.comune.milano.it/dataset/ds535\_atm-fermate-linee-metropolitane}
}}

@misc{site3,
  title = {Milan underground sequence},
  howpublished = {\url{https://dati.comune.milano.it/dataset/ds533\_atm-composizione-percorsi-linee-metropolitane}
}}

@misc{site4,
  title = {Milan underground timetables},
  howpublished = {\url{https://dati.comune.milano.it/dataset/ds537\_atm-orari-linee-metropolitane}
}}

@misc{site5,
  title = {Milan surface transit routes},
  howpublished = {\url{https://dati.comune.milano.it/dataset/ds538\_atm-percorsi-linee-di-superficie-urbane}
}}

@misc{site6,
  title = {Milan surface transit stops},
  howpublished = {\url{https://dati.comune.milano.it/dataset/ds534-atm-fermate-linee-di-superficie-urbane}
}}

@misc{site7,
  title = {Milan surface transit sequence},
  howpublished = {\url{https://dati.comune.milano.it/dataset/ds532-atm-composizione-percorsi-linee-di-superficie-urbane}
}}

@misc{site8,
  title = {Milan surface transit timetables},
  howpublished = {\url{https://dati.comune.milano.it/dataset/ds536\_atm-orari-linee-di-superficie-urbane}
}}

@misc{site9,
  title = {OpenStreetMap Data: points of interest in Milan},
  howpublished = {\url{https://extract.bbbike.org/}
}}

@misc{site10,
  title = {Distribution of oriented moves by age},
  howpublished = {\url{http://dati.istat.it/}
}}

@misc{site11,
  title = {Distribution of time spent for a specific activity},
  howpublished = {\url{http://dati.istat.it/}
}}

@misc{site12,
  title = {Transitfeeds: Transit timetables for all means of transport},
  howpublished = {\url{https://transitfeeds.com/p/agenzia-mobilita-ambiente-territorio/341/latest}
}}

@misc{site13,
  title = {Capacity of Metro},
  howpublished = {\url{https://www.atm.it/it/AtmNews/Comunicati/Documents/atm\%20per\%20milano.pdf}
}}

@misc{site14,
  title = {Capacity of tram},
  howpublished = {\url{https://it.wikipedia.org/wiki/Rete_tranviaria_di_Milano\#Materiale_rotabile}
}}

@misc{site15,
  title = {Capacity of filobus},
  howpublished = {\url{https://it.wikipedia.org/wiki/Rete\_filoviaria\_di\_Milano}
}}

@misc{site16,
  title = {Capacity of autobus},
  howpublished = {\url{https://it.wikipedia.org/wiki/ATM\_(Milano)}
}}

@misc{site17,
  title = {Commercial speeds of means of transport},
  howpublished = {\url{https://www.comune.milano.it/documents/20126/695708/Velocit\%C3\%A0+commerciale+mezzi+pubblici+-+gennaio-marzo+2012.pdf/1fb103d7-7de5-c793-05fd-fdf737ef8847?t=1572449703033}
}}

@misc{site18,
  title = {Distribution of age class by NIL},
  howpublished = {\url{http://sisi.comune.milano.it/}
}}

@misc{site20,
  title = {Daily passengers on the public transport network in Milan},
  howpublished = {\url{https://it.wikipedia.org/wiki/Trasporti\_a\_Milano#:~:text=Asse\%20portante\%20della\%20rete\%20di,le\%20prime\%20trenta\%20del\%20mondo.}
}}

@misc{site21,
  title = {AMAT},
  howpublished = {\url{https://www.amat-mi.it/it/agenzia/chi-siamo/}
}}

@misc{site22,
    title = {Mappa NIL},
    howpublished = {\url{https://centrostudipim.carto.com/viz/63c429f2-36c6-11e5-aeac-0e018d66dc29/public_map}
    }}